<?xml version="1.0" encoding="UTF-8"?><collection xmlns="http://www.loc.gov/MARC21/slim"><record><leader>00354nam--2200133-i-4500</leader><controlfield tag="001">000030535</controlfield><controlfield tag="002">20161230</controlfield><controlfield tag="005">20161230201038</controlfield><controlfield tag="008">060222s1000------------r-----000-0-eng-d</controlfield><datafield ind1=" " ind2=" " tag="080"><subfield code="a">621.335.5</subfield></datafield><datafield ind1=" " ind2=" " tag="100"><subfield code="a">Mojaev, V.N</subfield></datafield><datafield ind1=" " ind2=" " tag="245"><subfield code="a">Echipamentul electric al tractoarelor si autovehiculelor</subfield></datafield><datafield ind1=" " ind2=" " tag="260"><subfield code="a">Bucuresti, Ed.Energ.De Stat, 1954, 343p</subfield></datafield><datafield ind1=" " ind2=" " tag="852"><subfield code="a">26882</subfield></datafield></record></collection>